@article{Stimberg2019,
    title = {Brian 2, an intuitive and efficient neural simulator},
    volume = {8},
    issn = {2050-084X},
    doi = {10.7554/eLife.47314},
    journal = {eLife},
    author = {Stimberg, Marcel and Brette, Romain and Goodman, Dan FM},
    editor = {Skinner, Frances K},
    month = aug,
    year = {2019},
    pages = {e47314}
}
@article{Brette2006SimulationON,
  title={Simulation of networks of spiking neurons: A review of tools and strategies},
  author={Romain Brette and Michelle Rudolph-Lilith and Nicholas T. Carnevale and Michael L. Hines and David Beeman and James M. Bower and Markus Diesmann and Abigail Morrison and Philip H. Goodman and Frederick C. Harris and Milind Zirpe and Thomas Natschl{\"a}ger and Dejan Pecevski and Bard Ermentrout and Mikael Djurfeldt and Anders Lansner and Olivier Rochel and Thierry Vi{\'e}ville and Eilif B. M{\"u}ller and Andrew P. Davison and Sami El Boustani and Alain Destexhe},
  journal={Journal of Computational Neuroscience},
  year={2006},
  volume={23},
  pages={349-398},
  url={https://api.semanticscholar.org/CorpusID:1895753}
}